@article{clebsch1871ueber,
  title={Ueber die Anwendung der quadratischen Substitution auf die Gleichungen 5 ten Grades und die geometrische Theorie des ebenen F{\"u}nfseits},
  author={Clebsch, A},
  journal={Mathematische Annalen},
  volume={4},
  number={2},
  pages={284--345},
  year={1871},
  publisher={Springer Berlin/Heidelberg}
}

@article{brieskorn2012plane,
  title={Plane Algebraic Curves: Translated by John Stillwell},
  author={Brieskorn, Egbert and Kn{\"o}rrer, Horst and Stillwell, John},
  year={2012},
  publisher={Springer}
}

@article{shafarevich1977basic,
  title={Basic algebraic geometry},
  author={Shafarevich, Igor π Rostislavovich and Hirsch, Kurt Augustus},
  year={1977},
  publisher={Springer-Verlag}
}

@article{reid1988undergraduate,
  title={Undergraduate algebraic geometry},
  author={Reid, Miles},
  year={1988},
  publisher={Cambridge University Press}
}

@book{hulek2000elementare,
  title={Elementare algebraische Geometrie: grundlegende Begriffe und Techniken mit zahlreichen Beispielen und Anwendungen},
  author={Hulek, Klaus},
  year={2000},
  publisher={Springer DE}
}

@book{hulek2012elementare,
  title={Elementare algebraische Geometrie: grundlegende Begriffe und Techniken mit zahlreichen Beispielen und Anwendungen, 2. Auflage},
  author={Hulek, Klaus},
  year={2012},
  publisher={Springer DE}
}

@book{hartshorne1977algebraic,
  title={Algebraic geometry},
  author={Hartshorne, Robin},
  number={52},
  year={1977},
  publisher={Springer}
}

@book{harris1992algebraic,
  title={Algebraic geometry: a first course},
  author={Harris, Joe},
  volume={133},
  year={1992},
  publisher={Springer}
}

@book{cohn1990geometry,
  title={Geometry and the Imagination},
  author={Cohn-Vossen, Stephan and Hilbert, David},
  year={1990},
  publisher={Chelsea Publishing Company, New York}
}

@misc{sagemath2014,
  title={Sage -- Open Source Mathematical Software System},
  howpublished={\url{http://www.sagemath.org/}},
  year={2014},
}
